@phdthesis{TheseLugara,
  author = "D. Lugara",
  title = "Modélisation d'antennes et de systèmes focaux par décomposition sur une famille de faisceaux gaussiens",
  school = {Université de Marne-la-Vallée},
  year = 2000,
}

@phdthesis{TheseGhannoum,
  author = "I. Ghannoum",
  title = "Etudes d'outils de calcul de propagation Radar en milieu complexe (milieu urbain, présence de multi-trajets...) par des techniques de Lancer de Faisceaux Gaussiens",
  school = {Ecole doctorale EDITE},
  year = 2010,
}

@inproceedings{SlidesLetrou,
  author        = "C. Letrou",
  title         = "Frame Decomposition of Fields and Beam Tracking in Frequency Domain",
  intype        = "presented at the",
  booktitle     = "European School of Antennas (ESoA)",
  year          = "2015"
};

@book{FiniteFrameTheory,
  author        = "P.G. Casazza and G. Kutyniok and F. Philipp",
  title         = "Finite Frames",
  publisher     = "Birkhäuser Boston",
  year          = "2013"
};

@inproceedings{GaborAlgebra,
  author        = "J-P. Gabardo and Deguang Han and David R. Larson",
  title         = "Gabor frames and operator algebras",
  booktitle     = "Proc. {SPIE}. 4119",
  series        = "Wavelet Applications in Signal and Image Processing",
  volume        = "VIII",
  year          = "2000",
  pages         = "337-345"
};

@electronic{OptiqueEM,
  author        = "P-Y. Turpin and T. Fouchet",
  title         = "Structure des ondes planes progressives harmoniques",
  howpublished  = "{chapitre3.pdf}",
  url           = "http://www.lesia.obspm.fr/perso/thierry-fouchet/optiqueI/",
  year          = "2009"
};

@inproceedings{Balian,
  author        = "R. Balian",
  title         = "Un principe d'incertitude fort en théorie du signal ou en mécanique quantique",
  booktitle     = "Comptes-Rendus de l'Académie des Sciences",
  series        = "292",
  year          = "1981",
  pages         = "1357-1362"
};

@inproceedings{Algo,
  author        = "K. Gröchenig",
  title         = "Acceleration of the frame algorithm",
  booktitle     = "{IEEE}. Trans. Signal Process.",
  volume        = "41",
  year          = "1993",
  pages         = "3331-3340"
};